@article{maxpoolrep,
author = {Springenberg, Jost and Dosovitskiy, Alexey and Brox, Thomas and Riedmiller, Martin},
year = {2014},
month = {12},
pages = {},
title = {Striving for Simplicity: The All Convolutional Net}
}

@INPROCEEDINGS{googlenet,
author={C. {Szegedy} and {Wei Liu} and {Yangqing Jia} and P. {Sermanet} and S. {Reed} and D. {Anguelov} and D. {Erhan} and V. {Vanhoucke} and A. {Rabinovich}},
booktitle={2015 IEEE Conference on Computer Vision and Pattern Recognition (CVPR)},
title={Going deeper with convolutions},
year={2015},
volume={},
number={},
pages={1-9},
keywords={convolution;decision making;feature extraction;Hebbian learning;image classification;neural net architecture;resource allocation;convolutional neural network architecture;resource utilization;architectural decision;Hebbian principle;object classification;object detection;Computer architecture;Convolutional codes;Sparse matrices;Neural networks;Visualization;Object detection;Computer vision},
doi={10.1109/CVPR.2015.7298594},
ISSN={1063-6919},
month={June},}
